<record><leader>00000cas a22000007a 4500</leader><controlfield tag="001">3987922</controlfield><controlfield tag="008">780620c19159999vauzx ne      0   a0eng d</controlfield><datafield ind1=" " ind2=" " tag="010"><subfield code="a">sn 78001561 </subfield></datafield><datafield ind1=" " ind2=" " tag="040"><subfield code="a">COO</subfield><subfield code="b">eng</subfield><subfield code="c">COO</subfield><subfield code="d">NSD</subfield><subfield code="d">NVK</subfield><subfield code="d">OCLCQ</subfield><subfield code="d">NVK</subfield><subfield code="d">OCLCQ</subfield><subfield code="d">OCLCF</subfield><subfield code="d">OCLCO</subfield></datafield><datafield ind1=" " ind2=" " tag="012"><subfield code="k">1</subfield><subfield code="m">1</subfield></datafield><datafield ind1="1" ind2=" " tag="022"><subfield code="a">0006-8667</subfield><subfield code="l">0006-8667</subfield><subfield code="2">1</subfield></datafield><datafield ind1="1" ind2=" " tag="029"><subfield code="a">AU@</subfield><subfield code="b">000025821306</subfield></datafield><datafield ind1=" " ind2=" " tag="032"><subfield code="a">062660</subfield><subfield code="b">USPS</subfield></datafield><datafield ind1=" " ind2=" " tag="042"><subfield code="a">nsdp</subfield></datafield><datafield ind1=" " ind2=" " tag="043"><subfield code="a">n-us-va</subfield></datafield><datafield ind1=" " ind2="4" tag="050"><subfield code="a">LH1.R63</subfield><subfield code="b">B7x</subfield></datafield><datafield ind1=" " ind2="4" tag="222"><subfield code="a">The Brackety-ack</subfield></datafield><datafield ind1="0" ind2="4" tag="245"><subfield code="a">The Brackety-ack.</subfield></datafield><datafield ind1=" " ind2=" " tag="260"><subfield code="a">[Salem, Va.] :</subfield><subfield code="b">Roanoke College,</subfield><subfield code="c">1915-</subfield></datafield><datafield ind1=" " ind2=" " tag="310"><subfield code="a">Weekly (Sept.-May, except summer and holidays)</subfield></datafield><datafield ind1=" " ind2=" " tag="321"><subfield code="a">Frequency varies</subfield></datafield><datafield ind1="0" ind2=" " tag="362"><subfield code="a">Vol. 1, no. 1 (Oct. 19, 1915)-</subfield></datafield><datafield ind1=" " ind2=" " tag="500"><subfield code="a">Vol. 1, no. 1 is not titled. Masthead reads, "One year's subscription for the best name."</subfield></datafield><datafield ind1=" " ind2=" " tag="550"><subfield code="a">Student newspaper of Roanoke College.</subfield></datafield><datafield ind1="2" ind2="0" tag="610"><subfield code="a">Roanoke College</subfield><subfield code="v">Newspapers.</subfield></datafield><datafield ind1=" " ind2="0" tag="651"><subfield code="a">Salem (Va.)</subfield><subfield code="v">Newspapers.</subfield></datafield><datafield ind1=" " ind2="7" tag="655"><subfield code="a">Newspapers.</subfield><subfield code="2">fast</subfield><subfield code="0">(OCoLC)fst01423814</subfield></datafield><datafield ind1="2" ind2="7" tag="610"><subfield code="a">Roanoke College.</subfield><subfield code="2">fast</subfield><subfield code="0">(OCoLC)fst00550424</subfield></datafield><datafield ind1=" " ind2="7" tag="651"><subfield code="a">Virginia</subfield><subfield code="z">Salem.</subfield><subfield code="2">fast</subfield><subfield code="0">(OCoLC)fst01221073</subfield></datafield><datafield ind1="2" ind2=" " tag="710"><subfield code="a">Roanoke College.</subfield></datafield><datafield ind1=" " ind2=" " tag="752"><subfield code="a">United States</subfield><subfield code="b">Virginia</subfield><subfield code="d">Salem.</subfield></datafield><datafield ind1="0" ind2="0" tag="780"><subfield code="t">Roanoke collegian (Salem, Va. : 1875)</subfield><subfield code="w">(DLC)sn 97066534</subfield></datafield></record>